<?xml version="1.0" encoding="utf-8"?>
<record xmlns="http://www.loc.gov/MARC21/slim" xmlns:xsi="http://www.w3.org/2001/XMLSchema-instance" xsi:schemaLocation="http://www.loc.gov/MARC21/slim http://www.loc.gov/standards/marcxml/schema/MARC21slim.xsd">
	<leader>     nam a22     Mi 4500</leader>
	<controlfield tag="001">467874</controlfield>
	<controlfield tag="003">NjP</controlfield>
	<controlfield tag="006">m        d        </controlfield>
	<controlfield tag="007">cr cn |||m|||a</controlfield>
	<controlfield tag="008">190221s1983    ir      o     000 0 arar </controlfield>
	<datafield ind1=" " ind2=" " tag="040">
		<subfield code="a">ZYU</subfield>
		<subfield code="b">ara</subfield>
		<subfield code="e">rda</subfield>
		<subfield code="c">ZYU</subfield>
	</datafield>
	<datafield ind1="0" ind2="0" tag="050">
		<subfield code="a">KBP370.T33</subfield>
		<subfield code="b">A365 1983</subfield>
	</datafield>
	<datafield ind1="1" ind2=" " tag="100">
		<subfield code="6">880-01</subfield>
		<subfield code="a">Ṭabāṭabāʼī al-Ḥakīm, Muḥsin ibn Mahdī.</subfield>
	</datafield>
	<datafield ind1="1" ind2="0" tag="245">
		<subfield code="6">880-02</subfield>
		<subfield code="a">Mustamsik al-ʻurwah al-wuthqá /</subfield>
		<subfield code="c">taʼlīf Muḥsin al-Ṭabāṭabāʼī al-Ḥakīm.</subfield>
	</datafield>
	<datafield ind1=" " ind2=" " tag="250">
		<subfield code="6">880-03</subfield>
		<subfield code="a">al-Ṭabʻah 4.</subfield>
	</datafield>
	<datafield ind1=" " ind2=" " tag="260">
		<subfield code="6">880-04</subfield>
		<subfield code="a">Qum, Īrān :</subfield>
		<subfield code="b">Maktabat Āyat Allāh al-ʻUẓmá al-Marʻashī al-Najafī,</subfield>
		<subfield code="c">1404 [1983 or 1984]</subfield>
	</datafield>
	<datafield ind1=" " ind2=" " tag="300">
		<subfield code="a">online resource (14 volumes)</subfield>
	</datafield>
	<datafield ind1=" " ind2=" " tag="336">
		<subfield code="a">text</subfield>
		<subfield code="2">rdacontent</subfield>
	</datafield>
	<datafield ind1=" " ind2=" " tag="337">
		<subfield code="a">computer</subfield>
		<subfield code="2">rdamedia</subfield>
	</datafield>
	<datafield ind1=" " ind2=" " tag="338">
		<subfield code="a">online resource</subfield>
		<subfield code="2">rdacarrier</subfield>
	</datafield>
	<datafield ind1=" " ind2=" " tag="500">
		<subfield code="a">Vols. 2, 8, and 11-14 lack edition statement.</subfield>
	</datafield>
	<datafield ind1=" " ind2=" " tag="500">
		<subfield code="a">Vols. 3-7, 9-10 3rd ed.</subfield>
	</datafield>
	<datafield ind1=" " ind2=" " tag="500">
		<subfield code="a">Part of the Arabic Collections Online (ACO) project, contributed by Princeton University Libraries.</subfield>
	</datafield>
	<datafield ind1=" " ind2=" " tag="533">
		<subfield code="a">Electronic reproduction.</subfield>
		<subfield code="b">New York, N.Y. :</subfield>
		<subfield code="c">New York University,</subfield>
		<subfield code="d">2019.</subfield>
		<subfield code="5">NNU</subfield>
	</datafield>
	<datafield ind1=" " ind2="0" tag="650">
		<subfield code="a">Islamic law.</subfield>
	</datafield>
	<datafield ind1=" " ind2="0" tag="650">
		<subfield code="a">Shiites.</subfield>
	</datafield>
	<datafield ind1=" " ind2="0" tag="650">
		<subfield code="a">Shīʻah</subfield>
		<subfield code="x">Customs and practices.</subfield>
	</datafield>
	<datafield ind1=" " ind2="7" tag="650">
		<subfield code="a">Islamic law.</subfield>
		<subfield code="2">fast</subfield>
		<subfield code="0">(OCoLC)fst00979949</subfield>
	</datafield>
	<datafield ind1=" " ind2="7" tag="650">
		<subfield code="a">Shiites.</subfield>
		<subfield code="2">fast</subfield>
		<subfield code="0">(OCoLC)fst01115976</subfield>
	</datafield>
	<datafield ind1=" " ind2="7" tag="650">
		<subfield code="a">Shīʻah</subfield>
		<subfield code="x">Customs and practices.</subfield>
		<subfield code="2">fast</subfield>
		<subfield code="0">(OCoLC)fst01117947</subfield>
	</datafield>
	<datafield ind1="2" ind2=" " tag="710">
		<subfield code="a">Princeton University.</subfield>
		<subfield code="b">Library.</subfield>
	</datafield>
	<datafield ind1="0" ind2=" " tag="730">
		<subfield code="a">Arabic Collections Online.</subfield>
	</datafield>
	<datafield ind1="0" ind2="8" tag="776">
		<subfield code="i">Online version:</subfield>
		<subfield code="a">Ṭabātabāʼī al-Ḥakīm, Muḥsin ibn Mahdī.</subfield>
		<subfield code="t">Mustamsik al-ʻurwah al-wuthqá.</subfield>
		<subfield code="b">al-Ṭabʻah 4.</subfield>
		<subfield code="d">Qum, Īrān : Maktabat Āyat Allāh al-ʻUẓmá al-Marʻashī al-Najafī, 1404 [1983 or 1984]</subfield>
		<subfield code="w">(OCoLC)613227652</subfield>
	</datafield>
	<datafield ind1="0" ind2="8" tag="776">
		<subfield code="i">Print version:</subfield>
		<subfield code="a">Ṭabāṭabāʼī al-Ḥakīm, Muḥsin ibn Mahdī.</subfield>
		<subfield code="t">Mustamsik al-ʻurwah al-wuthqá</subfield>
		<subfield code="w">(NjP)467874</subfield>
		<subfield code="w">(DLC)  85152820 </subfield>
		<subfield code="w">(OCoLC)12807235</subfield>
	</datafield>
	<datafield ind1="4" ind2="0" tag="856">
		<subfield code="u">http://hdl.handle.net/2333.1/76hdrgn4</subfield>
	</datafield>
	<datafield ind1="1" ind2=" " tag="880">
		<subfield code="6">100-01</subfield>
		<subfield code="a">طباطبائى الحكيم، محسن ابن مهدي.</subfield>
	</datafield>
	<datafield ind1="1" ind2="0" tag="880">
		<subfield code="6">245-02</subfield>
		<subfield code="a">مستمسك العروة الوثقى /</subfield>
		<subfield code="c">تأليف محسن الطباطبائى الحكيم.</subfield>
	</datafield>
	<datafield ind1=" " ind2=" " tag="880">
		<subfield code="6">250-03</subfield>
		<subfield code="a">الطبعة 4.</subfield>
	</datafield>
	<datafield ind1=" " ind2=" " tag="880">
		<subfield code="6">260-04</subfield>
		<subfield code="a">قم، ايران :</subfield>
		<subfield code="b">مكتبة آية الله العظمة المرعشى النجفى،</subfield>
		<subfield code="c">1404 [1983 or 1984]</subfield>
	</datafield>
	<datafield ind1=" " ind2=" " tag="959">
		<subfield code="a">NNU</subfield>
		<subfield code="b">WEB</subfield>
		<subfield code="c">GENI</subfield>
		<subfield code="t">0</subfield>
		<subfield code="m">Electronic access</subfield>
		<subfield code="s">01</subfield>
	</datafield>
	<datafield ind1=" " ind2=" " tag="999">
		<subfield code="i">NjP_467874</subfield>
		<subfield code="o">(OCoLC)ocm12807235</subfield>
		<subfield code="s">princeton_aco001653:juz2</subfield>
		<subfield code="s">princeton_aco001654:juz3</subfield>
		<subfield code="s">princeton_aco001655:juz4</subfield>
		<subfield code="s">princeton_aco001656:juz5</subfield>
		<subfield code="s">princeton_aco001657:juz6</subfield>
		<subfield code="s">princeton_aco001658:juz7</subfield>
		<subfield code="s">princeton_aco001659:juz8</subfield>
		<subfield code="s">princeton_aco001660:juz9</subfield>
		<subfield code="s">princeton_aco001725:juz10</subfield>
		<subfield code="s">princeton_aco001661:juz11</subfield>
		<subfield code="s">princeton_aco001742:juz12</subfield>
		<subfield code="s">princeton_aco001741:juz13</subfield>
		<subfield code="s">princeton_aco001744:juz14</subfield>
		<subfield code="s">princeton_aco001653:juz2</subfield>
		<subfield code="s">princeton_aco001654:juz3</subfield>
		<subfield code="s">princeton_aco001655:juz4</subfield>
		<subfield code="s">princeton_aco001656:juz5</subfield>
		<subfield code="s">princeton_aco001657:juz6</subfield>
		<subfield code="s">princeton_aco001658:juz7</subfield>
		<subfield code="s">princeton_aco001659:juz8</subfield>
		<subfield code="s">princeton_aco001660:juz9</subfield>
		<subfield code="s">princeton_aco001725:juz10</subfield>
		<subfield code="s">princeton_aco001661:juz11</subfield>
		<subfield code="s">princeton_aco001742:juz12</subfield>
		<subfield code="s">princeton_aco001741:juz13</subfield>
		<subfield code="s">princeton_aco001744:juz14</subfield>
	</datafield>
</record>
